<?xml version="1.0" encoding="UTF-8"?><collection xmlns="http://www.loc.gov/MARC21/slim"><record><leader>00688nam--2200169-i-4500</leader><controlfield tag="001">000014372</controlfield><controlfield tag="002">20161230</controlfield><controlfield tag="005">20161230201030</controlfield><controlfield tag="008">060222s1000------------r-----000-0-eng-d</controlfield><datafield ind1=" " ind2=" " tag="040"><subfield code="a">IFIN-HH</subfield></datafield><datafield ind1=" " ind2=" " tag="080"><subfield code="a">681.3</subfield></datafield><datafield ind1="1" ind2=" " tag="100"><subfield code="a">Clason, W. E</subfield></datafield><datafield ind1="1" ind2="0" tag="245"><subfield code="a">Elsevier dictionnaire de la mesure, du calcul et du reglage electroniques en six languages anglais/americain, francais, espagnol italien, hollandis et allemand</subfield><subfield code="b">Elsevier's dictionary of automation, computers, control and measuring in six languages english/american, french, spanish, italian, dutch and german</subfield><subfield code="c">W.e. clason</subfield></datafield><datafield ind1=" " ind2=" " tag="260"><subfield code="a">Paris</subfield><subfield code="b">Dunod</subfield><subfield code="c">1961</subfield></datafield><datafield ind1=" " ind2=" " tag="300"><subfield code="a">/PAG.DIF.</subfield></datafield><datafield ind1=" " ind2=" " tag="852"><subfield code="a">D.206</subfield><subfield code="c">SLF</subfield></datafield><datafield ind1=" " ind2=" " tag="CAT"><subfield code="a">Sys</subfield><subfield code="c">20130207</subfield><subfield code="h">101442</subfield></datafield></record></collection>